@online{Tafti, 
  author       = {Dawood Tafti and Christopher V. Maani.},
  title        = {Physics, X-ray Production},
  year         = {2023},
  url          = {https://www.ncbi.nlm.nih.gov/books/NBK537046/},
  note         = {Accessed: 2025-06-06},
  publisher    = {StatPearls Publishing},
  institution  = {National Center for Biotechnology Information (NCBI)},
}
@phdthesis{Mason,
author = {Mason, Jonathan},
year = {2018},
month = {11},
pages = {},
title = {Quantitative cone-beam computed tomography reconstruction for radiotherapy planning}
}
@article{BUJILA202044,
title = {A validation of SpekPy: A software toolkit for modelling X-ray tube spectra},
journal = {Physica Medica},
volume = {75},
pages = {44-54},
year = {2020},
issn = {1120-1797},
doi = {https://doi.org/10.1016/j.ejmp.2020.04.026},
url = {https://www.sciencedirect.com/science/article/pii/S1120179720301083},
author = {Robert Bujila and Artur Omar and Gavin Poludniowski},
keywords = {Radiology, X-ray, Production of X-rays, Radiation dosimetry},
}

@misc{Murphy_2016, title={Beam hardening | radiology reference article | radiopaedia.org}, url={https://radiopaedia.org/articles/48590}, journal={Radiopaedia}, author={Murphy, Andrew}, year={2016}, month={Oct}} }

@article{Shepp_Logan_1974, title={The fourier reconstruction of a head section}, volume={21}, DOI={10.1109/tns.1974.6499235}, number={3}, journal={IEEE Transactions on Nuclear Science}, author={Shepp, L. A. and Logan, B. F.}, year={1974}, month={Jun}, pages={21–43}}

@misc{phantom_py,
  author = {Jenda Hrachovec},
  title = {phantom.py},
  year = {n.d.},
  url = {https://jenda.hrach.eu/f2/cat-py/phantom.py},
  note = {Accessed: 2025-06-09 at https://jenda.hrach.eu/f2/cat-py/phantom.py}
}

@misc{nistXRayMass,
	author = {},
	title = {{X}-{R}ay {M}ass {A}ttenuation {C}oefficients --- nist.gov},
	howpublished = {\url{https://www.nist.gov/pml/x-ray-mass-attenuation-coefficients}},
	year = {},
	note = {[Accessed 09-06-2025]},
}

@mastersthesis{Beatty2012,
  author = {Jen Beatty},
  title = {The Radon Transform and the Mathematics of Medical Imaging},
  year = {2012},
  school = {Colby College},
  type = {Honours Thesis},
  url = {https://digitalcommons.colby.edu/cgi/viewcontent.cgi?referer=&httpsredir=1&article=1649&context=honorstheses}
}

@article{Sara_Akter_Uddin_2019, title={Image quality assessment through FSIM, SSIM, MSE and PSNR—a comparative study}, volume={07}, DOI={10.4236/jcc.2019.73002}, number={03}, journal={Journal of Computer and Communications}, author={Sara, Umme and Akter, Morium and Uddin, Mohammad}, year={2019}, pages={8–18}} }

@misc{nilsson2020understandingssim,
      title={Understanding SSIM}, 
      author={Jim Nilsson and Tomas Akenine-Möller},
      year={2020},
      eprint={2006.13846},
      archivePrefix={arXiv},
      primaryClass={eess.IV},
      url={https://arxiv.org/abs/2006.13846}, 
}