@online{Tafti2023,
  author       = {Dawood Tafti and Christopher V. Maani},
  title        = {Physics, X-ray Production},
  year         = {2023},
  url          = {https://www.ncbi.nlm.nih.gov/books/NBK537046/},
  urldate      = {2025-06-06},
  publisher    = {StatPearls Publishing},
  institution  = {National Center for Biotechnology Information (NCBI)},
  note         = {Book chapter in StatPearls [Internet]},
}

@phdthesis{Mason2018,
  author       = {Jonathan Mason},
  title        = {Quantitative Cone-Beam Computed Tomography Reconstruction for Radiotherapy Planning},
  year         = {2018},
  month        = {11},
  institution  = {University College London},
  type         = {PhD thesis},
}

@article{Bujila2020,
  author       = {Robert Bujila and Artur Omar and Gavin Poludniowski},
  title        = {A Validation of {SpekPy}: A Software Toolkit for Modelling X-ray Tube Spectra},
  journal      = {Physica Medica},
  volume       = {75},
  pages        = {44--54},
  year         = {2020},
  issn         = {1120-1797},
  doi          = {10.1016/j.ejmp.2020.04.026},
  url          = {https://www.sciencedirect.com/science/article/pii/S1120179720301083},
  keywords     = {Radiology, X-ray, Production of X-rays, Radiation dosimetry},
}

@online{Murphy2016,
  author       = {Andrew Murphy},
  title        = {Beam Hardening},
  year         = {2016},
  month        = {10},
  url          = {https://radiopaedia.org/articles/48590},
  journal      = {Radiopaedia},
  urldate      = {2025-06-09},
  note         = {Radiology reference article},
}

@article{Shepp1974,
  author       = {L. A. Shepp and B. F. Logan},
  title        = {The {Fourier} Reconstruction of a Head Section},
  journal      = {IEEE Transactions on Nuclear Science},
  volume       = {21},
  number       = {3},
  pages        = {21--43},
  year         = {1974},
  month        = {6},
  doi          = {10.1109/TNS.1974.6499235},
}

@misc{HrachovecPhantom,
  author       = {Jenda Hrachovec},
  title        = {phantom.py},
  year         = {n.d.},
  url          = {https://jenda.hrach.eu/f2/cat-py/phantom.py},
  urldate      = {2025-06-09},
  note         = {Python implementation of Shepp-Logan phantom},
}

@online{NISTXRay,
  title        = {X-Ray Mass Attenuation Coefficients},
  year         = {2023},
  url          = {https://www.nist.gov/pml/x-ray-mass-attenuation-coefficients},
  institution  = {National Institute of Standards and Technology},
  urldate      = {2025-06-09},
}

@mastersthesis{Beatty2012,
  author       = {Jen Beatty},
  title        = {The Radon Transform and the Mathematics of Medical Imaging},
  year         = {2012},
  school       = {Colby College},
  type         = {Honours Thesis},
  url          = {https://digitalcommons.colby.edu/honorstheses/1649/},
  urldate      = {2025-06-09},
}

@article{Sara2019,
  author       = {Umme Sara and Morium Akter and Mohammad Uddin},
  title        = {Image Quality Assessment Through {FSIM}, {SSIM}, {MSE} and {PSNR}—A Comparative Study},
  journal      = {Journal of Computer and Communications},
  volume       = {7},
  number       = {3},
  pages        = {8--18},
  year         = {2019},
  doi          = {10.4236/jcc.2019.73002},
}

@article{Nilsson2020,
  author       = {Jim Nilsson and Tomas Akenine-Möller},
  title        = {Understanding {SSIM}},
  year         = {2020},
  journal      = {arXiv preprint},
  eprint       = {2006.13846},
  archiveprefix= {arXiv},
  primaryclass = {eess.IV},
  url          = {https://arxiv.org/abs/2006.13846},
}

@online{CharacteristicRadiation,
  title        = {Characteristic Radiation},
  url          = {https://radiopaedia.org/articles/characteristic-radiation},
  journal      = {Radiopaedia},
  urldate      = {2025-06-09},
  note         = {Radiopaedia reference article https://radiopaedia.org/articles/characteristic-radiation Accessed: [15/06/2025},
}

@online{GunshotCase,
  title        = {Gunshot Wound to Face},
  url          = {https://radiopaedia.org/cases/gunshot-wound-to-face-old-1},
  journal      = {Radiopaedia},
  urldate      = {2025-06-09},
  note         = {Case study accesed at https://radiopaedia.org/cases/gunshot-wound-to-face-old-1},
}

@online{CuppingArtifact,
  title        = {CT Cupping Artifact},
  url          = {https://radiopaedia.org/cases/ct-cupping-artifact},
  journal      = {Radiopaedia},
  urldate      = {2025-06-09},
  note         = {Case study accessed at https://radiopaedia.org/cases/ct-cupping-artifact},
}

@article{Siddon1985,
  author       = {R. L. Siddon},
  title        = {Prism Representation: A {3D} Ray-Tracing Algorithm for Radiotherapy Applications},
  journal      = {Physics in Medicine and Biology},
  volume       = {30},
  number       = {8},
  pages        = {817--824},
  year         = {1985},
  month        = {8},
  doi          = {10.1088/0031-9155/30/8/005},
}

@misc{Filters,author = {Radiopaedia},
  title = {Filters},
  url = {https://radiopaedia.org/articles/filters?lang=gb},
  journal = {Radiopaedia.org},
  year = {2023},
  note = {Radiopaedia reference article https://radiopaedia.org/articles/filters?lang=gb Accessed: [15/06/2025]}}
  
@misc{wolfram_convolution,
  author = {Weisstein, Eric W.},
  title = {Convolution Theorem},
  howpublished = {Wolfram MathWorld},
  year = {1999},
  url = {https://mathworld.wolfram.com/ConvolutionTheorem.html},
  note = {[Online; accessed 2025-07-08]}}
 
@online{RadiopaediaGibbs,
  title = {Gibbs and truncation artifacts},
  year = {2024},
  url = {https://radiopaedia.org/articles/gibbs-and-truncation-artifacts?lang=gb},
  note = {Accessed on 9th July 2025}
}